<record><leader>00000cas a2200000 a 4500</leader><controlfield tag="001">13179523</controlfield><controlfield tag="008">860221d19071961coudn ne      0    0eng d</controlfield><datafield ind1=" " ind2=" " tag="010"><subfield code="a">sn 86063146 </subfield></datafield><datafield ind1=" " ind2=" " tag="040"><subfield code="a">KSH</subfield><subfield code="b">eng</subfield><subfield code="c">KSH</subfield><subfield code="d">NPT</subfield><subfield code="d">CNQ</subfield><subfield code="d">OCL</subfield><subfield code="d">OCLCQ</subfield></datafield><datafield ind1=" " ind2=" " tag="042"><subfield code="a">msc</subfield></datafield><datafield ind1="0" ind2=" " tag="130"><subfield code="a">Lamar daily news (Lamar, Colo. : 1907)</subfield></datafield><datafield ind1="1" ind2="4" tag="245"><subfield code="a">The Lamar daily news.</subfield></datafield><datafield ind1="1" ind2="3" tag="246"><subfield code="a">Lamar daily news and the great Southwest news</subfield></datafield><datafield ind1=" " ind2=" " tag="260"><subfield code="a">Lamar, Colo. :</subfield><subfield code="b">C. Frost Liggett</subfield></datafield><datafield ind1=" " ind2=" " tag="300"><subfield code="a">v.</subfield></datafield><datafield ind1=" " ind2=" " tag="310"><subfield code="a">Daily (except Sun.)</subfield></datafield><datafield ind1="1" ind2=" " tag="362"><subfield code="a">Began in 1907.</subfield></datafield><datafield ind1="0" ind2=" " tag="362"><subfield code="a">-; -v. 16 (Oct. 3, 1923) ; v. 17, no. 1 (Oct. 4, 1923)-v. 54, no. 52 (Oct. 14, 1961).</subfield></datafield><datafield ind1=" " ind2=" " tag="530"><subfield code="a">Available on microfilm from the Colorado Historical Society.</subfield></datafield><datafield ind1=" " ind2=" " tag="588"><subfield code="a">Description based on: Serial no. 2 (Aug. 6, 1907).</subfield></datafield><datafield ind1=" " ind2=" " tag="752"><subfield code="a">United States</subfield><subfield code="b">Colorado</subfield><subfield code="c">Prowers</subfield><subfield code="d">Lamar.</subfield></datafield><datafield ind1="0" ind2="5" tag="780"><subfield code="t">Prowers County news</subfield><subfield code="w">(DLC)sn 84025772</subfield></datafield><datafield ind1="0" ind2="0" tag="785"><subfield code="t">Lamar-tri-state daily news</subfield><subfield code="w">(DLC)sn 90051237</subfield></datafield><datafield ind1="1" ind2=" " tag="029"><subfield code="a">AU@</subfield><subfield code="b">000022167262</subfield></datafield></record>